3810 4850
1007 241 1196 321 'Vl¹

478 463 571 555 gissa
597 455 745 528 videtur.
798 451 886 548 Ejus
915 449 958 520 ad
984 448 1037 536 id,
1060 448 1155 547 quod
1182 448 1307 518 mirum
1333 457 1386 517 est
1397 496 1418 549 ³,
1439 471 1635 545 propensus
1658 455 1736 523 ani-

478 607 571 658 mus,
601 605 679 649 eum
717 577 753 645 in
793 573 828 644 id
853 570 1006 652 induxit,
1047 584 1087 642 ut
1122 597 1177 642 res
1215 579 1334 640 narret
1367 571 1516 642 maxime
1538 569 1737 650 fabulosos,

477 707 516 767 ut
555 695 599 766 de
635 691 822 788 ”spelunea
859 689 1135 778 thesaurorum',
1177 689 1221 759 de
1261 687 1462 760 Alexandro
1502 713 1647 780 magno,
1693 687 1737 757 de

472 795 590 908 bingis
617 835 807 908 eorumque
833 811 869 878 in
894 806 1153 904 Hierosolymas
1170 817 1205 878 et
1228 803 1429 878 Bethlehem
1451 807 1585 878 itinere.
1613 804 1732 875 Nihilo

474 949 591 1007 tamen
618 936 732 1006 secius
755 933 823 1004 hoo
851 957 941 1031 opus
966 931 1060 1002 baud
1093 933 1195 1029 parvi
1234 943 1288 1002 est
1312 933 1490 1014 momenti,
1529 933 1733 1026 praesertim

314 1141 319 1152 ,
475 1084 582 1155 quum
608 1057 644 1127 id
671 1081 749 1126 eum
771 1056 879 1126 latina
906 1066 941 1127 et
968 1056 1165 1126 armaniana
1187 1051 1408 1124 versionibus
1434 1052 1598 1124 Chroniei
1623 1054 1734 1124 Euse-

471 1175 574 1246 biani
610 1187 807 1272 compares,
847 1202 924 1247 oum
960 1175 1108 1275 quibus,
1147 1176 1313 1268 imprimis
1357 1173 1451 1270 quod
1487 1175 1530 1244 ad
1557 1201 1668 1246 annos
1695 1190 1730 1248 et

474 1310 630 1392 tempora
649 1297 760 1366 xallata
788 1298 931 1375 attinet,
962 1321 1066 1391 saepe
1098 1293 1291 1390 discrepat,
1320 1306 1354 1364 et
1379 1321 1486 1391 quum
1512 1295 1569 1368 hio
1595 1285 1732 1369 inveni-

471 1428 575 1487 antur
601 1415 718 1514 plures
744 1440 819 1494 res,
847 1439 995 1510 quarum
1024 1413 1141 1483 iubis
1178 1411 1401 1484 versionibus
1429 1415 1522 1486 nulla
1561 1419 1653 1490 saeta
1683 1423 1730 1491 sit

471 1537 618 1622 mentio,
645 1560 793 1631 quarum
819 1532 938 1602 tamen
968 1531 1139 1629 quaedam
1165 1530 1211 1600 ab
1237 1533 1280 1600 iis
1321 1548 1609 1608 commemoratae
1648 1554 1730 1612 sunt

468 1655 690 1737 auctoribus,
719 1656 799 1753 qui,
826 1664 1002 1750 tamquam
1021 1663 1156 1738 noster,
1183 1652 1333 1722 Eusebio
1356 1667 1438 1725 sunt
1463 1659 1533 1737 usi,
1560 1661 1621 1756 qui
1647 1673 1729 1730 sunt

468 1781 595 1878 Georp.
610 1777 815 1874 synodius,
844 1773 1045 1865 cedrenus,
1062 1775 1600 1877 ChronieiPasebalissoriptor,
1628 1799 1693 1856 eet.
1703 1781 1727 1872 ¹)
1847 1853 1848 1856 ,

466 1914 544 1977 Huc
584 1905 736 1984 aceedit,
775 1901 871 2000 quod
909 1901 989 1972 Bar
1031 1901 1235 1990 Hebraeus,
1276 1903 1509 1997 gravissimus
1538 1907 1596 1978 ille
1632 1907 1724 2002 apud

466 2033 573 2125 Syros
615 2051 731 2096 rerum
765 2034 941 2117 gestarum
970 2032 1109 2102 auctor,
1150 2046 1193 2090 ex
1232 2021 1299 2093 bae
1336 2027 1532 2126 ceterisque
1557 2025 1724 2124 Dionysii

467 2147 631 2220 Chroniei
656 2145 817 2245 partibus
843 2146 944 2243 quasi
971 2142 1226 2224 fonte-hausit,
1266 2171 1371 2242 quam
1397 2173 1470 2217 rem
1505 2149 1581 2242 ipse
1610 2148 1726 2218 multis

464 2272 569 2341 etiam
593 2267 681 2338 loeis
715 2265 895 2337 consessus
935 2271 997 2330 est.
1050 2259 1198 2330 Etiamsi
1236 2262 1347 2353 igitur
1373 2266 1457 2330 baec
1487 2288 1571 2357 pars
1609 2289 1726 2335 rerum
1761 2309 1762 2312 =

464 2387 784 2486 antiquissimarum
799 2381 963 2453 studiosis
978 2377 1073 2450 baud
1089 2381 1137 2450 ita
1155 2377 1299 2449 multum
1314 2382 1396 2450 novi
1412 2380 1532 2464 offert,
1547 2393 1726 2458 metamen

463 2533 678 2586 nonomnem
693 2531 835 2603 operam
850 2500 1045 2600 perdidisse
1060 2527 1172 2596 spero.
1188 2501 1372 2572 Crederem
1387 2502 1489 2583 enim,
1507 2527 1642 2572 omnem
1655 2507 1723 2602 Sp-

460 2638 594 2728 riacum
622 2637 756 2699 textum
786 2624 936 2720 primum
967 2623 1098 2694 editum
1136 2623 1326 2722 unicuique
1357 2622 1536 2694 literarum
1563 2626 1719 2698 orienta-

461 2753 546 2823 lium
570 2749 697 2820 eultori
718 2758 856 2842 gratum
882 2769 959 2816 esse
988 2755 1023 2816 et
1047 2755 1248 2840 acceptum,
1281 2771 1322 2816 eo
1349 2746 1478 2838 magis,
1515 2749 1722 2842 quominus

464 2870 680 2971 temporibus
713 2865 985 2966 posterioribus,
1030 2893 1073 2938 ne
1101 2867 1214 2938 dicam
1252 2893 1316 2963 per
1354 2879 1491 2938 eentum
1519 2895 1628 2940 annos
1653 2896 1723 2939 nu-

463 2991 614 3088 perrime
637 2985 920 3085 praeterlapsos,
946 2985 1030 3055 talia
1055 3011 1162 3083 opera
1187 2986 1303 3083 palam
1334 2987 1428 3058 saeta
1466 3000 1558 3061 sunt.
1611 2989 1721 3062 Tem-

463 3141 547 3212 pus,
574 3140 645 3211 quo
668 3112 736 3184 boe
760 3111 968 3207 opuseulum
983 3110 1087 3183 edere
1100 3109 1185 3181 mibi
1203 3113 1387 3208 proposui,
1413 3114 1553 3186 minime
1580 3113 1721 3211 quidem

463 3245 608 3332 propter
633 3232 740 3304 multa
767 3256 843 3302 mea
869 3242 903 3303 et
936 3233 1031 3302 varia
1071 3233 1209 3325 negotia
1245 3230 1290 3303 ad
1324 3232 1415 3304 bane
1455 3260 1529 3306 rem
1568 3231 1723 3307 efficien-

420 3418 421 3424 η
469 3407 738 3424 Μ-

502 3523 531 3587 l)
548 3521 624 3590 Quae
641 3520 692 3572 boo
710 3521 789 3572 modo
806 3521 876 3572 inter
895 3519 943 3572 bos
963 3499 1134 3590 nostrumque
1152 3523 1242 3574 verbis
1260 3531 1288 3574 et
1304 3525 1437 3576 sententia
1462 3539 1580 3594 congrua
1609 3525 1717 3585 invent,
1849 3516 1850 3562 l

531 3605 626 3677 borum
643 3610 780 3666 suetorum
796 3605 901 3675 lingua,
917 3609 948 3654 ut
965 3603 1070 3656 tunitius
1087 3613 1289 3674 conparentur,
1320 3607 1437 3660 innotis
1463 3607 1566 3674 adtuli,
1595 3611 1715 3678 exempla

535 3693 617 3744 elau.
645 3695 779 3748 editorum
791 3693 919 3748 Chroniei
935 3693 1060 3758 Errebii,
1080 3694 1153 3766 Any.
1178 3697 1246 3748 trau
1270 3703 1299 3748 et
1322 3695 1384 3748 «lob.
1411 3695 1493 3766 Bapt.
1528 3695 1646 3750 Aeeten·
1669 3715 1715 3752 rt·
1849 3707 1850 3752 t

540 3784 646 3850 quotus.
674 3779 747 3836 boen
766 3791 852 3836 auten
870 3783 1015 3854 parallelo,
1031 3781 1067 3865 ab·
1085 3782 1126 3836 bis
1144 3784 1223 3837 editt.
1240 3783 1295 3853 jun
1313 3782 1411 3846 alluta,
1431 3782 1518 3836 eniri.
