3810 4850
873 143 884 166 θ
957 149 980 176 ,d

857 197 871 218 ,ο
954 191 970 234 J

849 273 856 294 u

1043 243 1067 291 tt

423 423 542 504 morri,
564 418 646 492 viris
671 375 1037 514 eruditistcogriitam,
1066 446 1158 490 nunc
1187 421 1356 514 integram
1387 422 1422 492 in
1449 421 1563 495 iucem
1589 425 1691 498 cdere

425 543 508 611 mitri
538 539 739 650 proposui„
766 519 973 610 Vorsioucm
1001 539 1141 610 latinum
1170 541 1278 610 textui
1305 539 1434 612 addere
1458 541 1610 614 libenter
1628 570 1691 614 vo-

424 661 590 744 inissem,
611 659 729 756 piures
765 672 881 730 autem
923 686 980 731 res
1023 661 1203 752 graviores
1245 672 1381 758 tempus
1409 689 1521 734 meum
1549 667 1595 736 ila
1623 665 1690 738 sibi

297 807 300 816 ·
427 782 628 860 vindicant,
656 791 696 850 ut
735 807 789 850 rue
828 779 873 850 ab
908 779 994 865 hac,
1034 808 1138 878 quam
1172 769 1367 876 optassem,
1390 766 1444 855 ¹re
1478 787 1690 892 perficienda
1786 765 1790 773 Ι

331 991 338 998 ¹
426 901 634 1000 impediunt3
668 911 714 968 ct
745 926 851 996 quum
885 899 1097 974 uilril,aiiud
1130 899 1213 969 mihi
1248 915 1339 972 esset
1367 901 1582 988 iaciendum,
1623 907 1692 974 nisi

426 1021 520 1122 quod
549 1029 609 1089 aut
634 1016 746 1088 solum
773 1021 905 1087 textum
931 1019 964 1086 in
994 1017 1104 1088 lucem
1132 1017 1288 1103 ederem,
1318 1031 1379 1093 aut
1405 1018 1448 1090 de
1472 1047 1578 1115 opere
1606 1048 1702 1116 pro-·

426 1142 540 1233 posito
567 1163 711 1235 prorsus
744 1138 964 1217 desisterem,
1007 1137 1091 1207 mihi
1131 1138 1253 1214 tacite,
1295 1129 1417 1218 credo,
1462 1139 1690 1220 concedatur,

424 1287 479 1332 me
505 1261 598 1362 haud
631 1263 732 1332 nimis
760 1285 913 1340 errasse,
951 1287 1058 1357 quum
1084 1258 1195 1330 scium
1221 1273 1420 1332 contextum
1449 1263 1552 1334 edere
1574 1291 1691 1359 praeo-
1816 1327 1819 1332 .

425 1385 605 1477 ptaverim.
644 1388 717 1465 Qua
740 1409 779 1453 re
802 1381 845 1454 de
867 1395 984 1454 cetero
1001 1381 1139 1453 notulas
1165 1383 1333 1478 quasdam
1360 1380 1599 1474 tantummodo
1626 1388 1692 1457 ad-

425 1509 543 1597 posui,
569 1509 603 1575 in
632 1503 761 1602 quibus
789 1507 1018 1575 mutationum
1046 1515 1179 1586 textus,
1209 1505 1268 1575 ubi
1289 1531 1347 1576 eas
1369 1507 1454 1585 ioci,
1481 1514 1691 1584 mentionem

426 1627 543 1706 intuli,
571 1626 605 1697 e't
631 1626 867 1696 demonstravi
893 1625 1026 1709 fontes,
1064 1640 1233 1723 quantum
1266 1627 1349 1698 mihi
1386 1630 1515 1723 cogniti
1546 1645 1644 1712 sunt,
1672 1659 1691 1702 e

424 1751 554 1847 quibus
582 1751 697 1824 hausit
724 1761 866 1834 auctor,
907 1750 961 1819 vei
989 1747 1128 1820 laudavi
1157 1762 1336 1836 unctores,
1376 1754 1436 1848 q'ui
1463 1749 1621 1840 eusdem,
1649 1781 1689 1823 ac

425 1869 500 1954 iile,
537 1895 592 1940 res
618 1867 850 1952 tractarunts

526 2096 709 2174 Codicem,
736 2123 808 2195 quo
834 2123 918 2198 usus
954 2125 1050 2183 sum,
1091 2098 1173 2168 clar.
1217 2095 1437 2170 Asrcruumrr
1465 2099 1499 2171 in
1525 2101 1692 2176 Bibliotiu

363 2271 365 2274 -
425 2227 488 2296 Or.
510 2225 553 2294 Τ.
580 2226 615 2310 1,
643 2251 675 2320 p.
707 2231 773 2303 98,
804 2232 870 2306 uo,
905 2224 974 2296 hoc
1001 2225 1103 2294 modo
1130 2224 1313 2297 describit:
1342 2269 1390 2280 -
1418 2237 1465 2279 —'
1495 2229 1694 2328 ’'exemplar

426 2358 683 2444 pervetustum,
707 2349 807 2456 initio
832 2349 947 2418 tamen
975 2357 1009 2450 et
1037 2347 1105 2418 tine
1147 2347 1322 2434 mutilum3
1368 2351 1525 2447 Coptieis
1557 2351 1693 2424 abrasis

425 2467 554 2554 literis,
603 2463 732 2563 quibus
778 2464 998 2536 rucmbrnnae·
1037 2492 1056 2536 n
1099 2466 1219 2537 toti
1259 2467 1300 2536 ad
1336 2465 1396 2538 tol.
1442 2473 1513 2536 Μ
1552 2471 1691 2566 scriptae

427 2595 543 2675 ern'nt,
571 2586 822 2686 superinducta
847 2603 928 2660 sunt
956 2588 1061 2661 verba
1083 2587 1267 2687 Syriaca”;
1295 2592 1376 2659 etin
1393 2588 1563 2682 Catalogo
1580 2589 1692 2667 Codd.

427 2711 744 2805 manuscriptorum
771 2711 939 2805 Bibliotir.
964 2713 1124 2809 Apostoi.
1149 2713 1350 2795 Vaticanae,
1377 2711 1420 2778 T.
1447 2709 1517 2789 111,
1546 2738 1578 2805 p.
1601 2719 1692 2782 528:

426 2833 494 2900 ”M
520 2829 672 2911 CLXII,
700 2825 823 2902 Codex
849 2833 884 2902 in
911 2832 997 2903 sotio
1033 2830 1338 2911 membranaceus,
1368 2839 1607 2922 pervetustus,
1635 2831 1693 2901 io-

425 2954 482 3024 liis
509 2963 675 3024 constans
716 2959 805 3036 tid,
844 2953 1000 3052 Syriacis
1034 2952 1259 3050 Stronghylis
1287 2949 1398 3019 literis
1426 2951 1630 3038 exuratus’';
1658 2965 1693 3025 et

429 3069 533 3168 paulo
558 3067 667 3138 infra:
694 3069 750 3140 ’'ls
776 3069 887 3141 codex
919 3071 1019 3142 initio
1062 3081 1097 3142 et
1134 3069 1203 3138 tine
1243 3065 1402 3150 mutilus,
1442 3059 1523 3137 aute
1564 3083 1731 3166 annuns·
1815 3119 1817 3124 ,

323 3237 326 3246 ,
429 3192 633 3264 Graecorum
674 3195 792 3274 rete,
845 3190 979 3262 Christi
1015 3195 1090 3260 952
1131 3186 1326 3258 exaratus''.
1378 3187 1525 3277 Literna,
1557 3189 1693 3286 ,quibus

429 3311 582 3406 scriptus
609 3319 661 3380 est
687 3306 747 3380 ille
773 3307 903 3390 codex,
929 3305 1194 3403 ’'Stronghyiae”
1225 3303 1306 3400 jure
1332 3302 1484 3400 quodam
1508 3318 1604 3378 certe
1629 3303 1694 3380 iro-

430 3431 555 3504 minari
582 3441 747 3526 possunt,
776 3428 819 3500 ad
846 3455 977 3500 morem
1004 3441 1118 3499 tumen
1140 3437 1279 3496 ararum
1300 3425 1531 3522 posteriorum
1549 3409 1596 3498 itu
1612 3441 1696 3499 sunt

429 3550 717 3637 accommodate,
757 3561 796 3623 ut
828 3575 1015 3649 perpacem
1052 3548 1290 3620 tuntumruodo
1318 3545 1468 3617 sormam
1493 3573 1574 3618 vere
1600 3550 1694 3619 anti-

416 3701 534 3774 ¹quam
563 3663 759 3748 ostendant.
787 3669 1064 3778 Quod-verond
1088 3695 1146 3758 en,
1174 3693 1252 3768 quc
1276 3669 1311 3739 in
1336 3668 1395 3741 iiio
1419 3665 1698 3742 codieedeside'-

1822 3637 1863 3781 ξ,
